@article{scikit-learn,
 title={Scikit-learn: Machine Learning in {P}ython},
 author={Pedregosa, F. and Varoquaux, G. and Gramfort, A. and Michel, V.
         and Thirion, B. and Grisel, O. and Blondel, M. and Prettenhofer, P.
         and Weiss, R. and Dubourg, V. and Vanderplas, J. and Passos, A. and
         Cournapeau, D. and Brucher, M. and Perrot, M. and Duchesnay, E.},
 journal={Journal of Machine Learning Research},
 volume={12},
 pages={2825--2830},
 year={2011}
}
@online{noauthor_linear_nodate,
	title = {Linear Regression},
	url = {http://www.stat.yale.edu/Courses/1997-98/101/linreg.htm},
	urldate = {2021-02-10},
	file = {Linear Regression:/Users/angi/Zotero/storage/T2L6H7WY/linreg.html:text/html},
}
@book{montgomery2021introduction,
  title={Introduction to Linear Regression Analysis},
  author={Montgomery, D.C. and Peck, E.A. and Vining, G.G.},
  isbn={9781119578741},
  series={Wiley Series in Probability and Statistics},
  url={https://books.google.de/books?id=N8EZEAAAQBAJ},
  year={2021},
  publisher={Wiley}
}
@misc{slides_on_linear_regression,
  author={Prof. Dr. Kristian Kersting},
  title = {Statistical Machine Learning, Lecture 06: Probability Density Estimation},
  url = {https://www.ml.informatik.tu-darmstadt.de/lectures/sml2020sose/slides/lecture_06_Probability_density_estimation.pdf},
  year = {2020},
  note = {Accessed: {2021â€“02-10}}
}
@inproceedings{alshuqayran2016systematic,
  title        = {A systematic mapping study in microservice architecture},
  author       = {Alshuqayran, Nuha and Ali, Nour and Evans, Roger},
  booktitle    = {2016 IEEE 9th International Conference on Service-Oriented Computing and Applications (SOCA)},
  pages        = {44--51},
  year         = {2016},
  organization = {IEEE}
}
@book{awad2015efficient,
  title     = {Efficient learning machines: theories, concepts, and applications for engineers and system designers},
  author    = {Awad, Mariette and Khanna, Rahul},
  year      = {2015},
  publisher = {Springer Nature}
}
@incollection{dragoni2017microservices,
  title     = {Microservices: yesterday, today, and tomorrow},
  author    = {Dragoni, Nicola and Giallorenzo, Saverio and Lafuente, Alberto Lluch and Mazzara, Manuel and Montesi, Fabrizio and Mustafin, Ruslan and Safina, Larisa},
  booktitle = {Present and ulterior software engineering},
  pages     = {195--216},
  year      = {2017},
  publisher = {Springer}
}
@online{googletrends2020,
  url          = {https://trends.google.com},
  title        = {Google Trends},
  organization = {Google LLC},
  date         = {2020},
  month        = {10},
  day          = {28}
}
@article{gunn1998support,
  title   = {Support vector machines for classification and regression},
  author  = {Gunn, Steve R and others},
  journal = {ISIS technical report},
  volume  = {14},
  number  = {1},
  pages   = {5--16},
  year    = {1998}
}
@online{kubernetesdoc2020,
  title        = {Kubernetes Documentation},
  url          = {https://kubernetes.io/docs/},
  organization = {Kubernetes},
  date         = {2020},
  month        = {11},
  day          = {05}
}
@inproceedings{lewis2012microservices,
  title     = {Microservices-java, the unix way},
  author    = {Lewis, James},
  booktitle = {Proceedings of the 33rd Degree Conference for Java Masters},
  year      = {2012}
}
@inproceedings{lin2017research,
  title     = {Research on classification of Chinese text data based on SVM},
  author    = {Lin, Yuan and Yu, Hongzhi and Wan, Fucheng and Xu, Tao},
  booktitle = {IOP Conference Series: Materials Science and Engineering},
  pages     = {1--5},
  year      = {2017}
}
@article{merkel2014docker,
  title   = {Docker: lightweight linux containers for consistent development and deployment},
  author  = {Merkel, Dirk},
  journal = {Linux journal},
  volume  = {2014},
  number  = {239},
  pages   = {2},
  year    = {2014}
}
@misc{midigudla2019performance,
  title  = {Performance Analysis of the Impact of Vertical Scaling on Application Containerized with Docker: Kubernetes on Amazon Web Services-EC2},
  author = {Midigudla, Dhananjay},
  year   = {2019}
}
@article{namiot2014micro,
  title   = {On micro-services architecture},
  author  = {Namiot, Dmitry and Sneps-Sneppe, Manfred},
  journal = {International Journal of Open Information Technologies},
  volume  = {2},
  number  = {9},
  pages   = {24--27},
  year    = {2014}
}
@article{qu2018auto,
  title     = {Auto-scaling web applications in clouds: A taxonomy and survey},
  author    = {Qu, Chenhao and Calheiros, Rodrigo N and Buyya, Rajkumar},
  journal   = {ACM Computing Surveys (CSUR)},
  volume    = {51},
  number    = {4},
  pages     = {1--33},
  year      = {2018},
  publisher = {ACM New York, NY, USA}
}
@inproceedings{rossi2019horizontal,
  title        = {Horizontal and vertical scaling of container-based applications using reinforcement learning},
  author       = {Rossi, Fabiana and Nardelli, Matteo and Cardellini, Valeria},
  booktitle    = {2019 IEEE 12th International Conference on Cloud Computing (CLOUD)},
  pages        = {329--338},
  year         = {2019},
  organization = {IEEE}
}
@article{vapnik1995t,
  title   = {The Nature of Statistical Learning Theory},
  author  = {Vapnik, Valdimir N},
  journal = {New York: Springer Verlag},
  year    = {1995}
}
@inproceedings{villamizar2015evaluating,
  title        = {Evaluating the monolithic and the microservice architecture pattern to deploy web applications in the cloud},
  author       = {Villamizar, Mario and Garc{\'e}s, Oscar and Castro, Harold and Verano, Mauricio and Salamanca, Lorena and Casallas, Rubby and Gil, Santiago},
  booktitle    = {2015 10th Computing Colombian Conference (10CCC)},
  pages        = {583--590},
  year         = {2015},
  organization = {IEEE}
}